@misc{Ng2019, 
    title={Section 4 (Week 4) Xavier Initialization and Regularization}, 
    howpublished= {\url{https://cs230.stanford.edu/section/4/}},   
    journal={CS230 Deep Learning}, 
    author={Ng, Andrew}, 
    year={2019}
} 

@misc{GeeksforGeeks_2023, 
    title={Xavier Initialization}, 
    howpublished = {\url{https://www.geeksforgeeks.org/xavier-initialization/}}, 
    journal={GeeksforGeeks}, 
    publisher={GeeksforGeeks}, 
    author={GeeksforGeeks}, 
    year={2023}, 
    month={octubre},
    day={25},
} 

@misc{PyTorchContributors, 
    title={Torch.nn.init}, 
    howpublished={\url{https://pytorch.org/docs/stable/nn.init.html#torch.nn.init.xavier_uniform_}}, 
    journal={torch.nn.init - PyTorch 2.2 documentation}, 
    author={{PyTorch Contributors}}
}

@article{bishop2006pattern,
  title={Pattern recognition and machine learning},
  author={Bishop, Christopher M},
  journal={Springer google schola},
  volume={2},
  pages={645--678},
  year={2006}
}

@article{Kruse2016Introduction,
title={Introduction to Neural Networks},
author={R. Kruse and C. Borgelt and Christian Braune and Sanaz Mostaghim and M. Steinbrecher},
year={2016},
pages={9-13},
doi={10.1007/978-1-4471-7296-3_2}
}

@article{Sompolinsky1988STATISTICAL,
title={STATISTICAL MECHANICS OF NEURAL NETWORKS},
author={H. Sompolinsky},
journal={Physics Today},
year={1988},
volume={41},
pages={70-80},
doi={10.1063/1.881142}
}

@article{Werbos1990Backpropagation,title={Backpropagation Through Time: What It Does and How to Do It},author={P. Werbos},journal={Proc. IEEE},year={1990},volume={78},pages={1550-1560},doi={10.1109/5.58337}}

@article{panchal2011behaviour,
  title={Behaviour analysis of multilayer perceptrons with multiple hidden neurons and hidden layers},
  author={Panchal, Gaurang and Ganatra, Amit and Kosta, YP and Panchal, Devyani},
  journal={International Journal of Computer Theory and Engineering},
  volume={3},
  number={2},
  pages={332--337},
  year={2011}
}